@misc{ainsworth_git_2022,
  title = {Git {{Re-Basin}}: {{Merging Models}} modulo {{Permutation Symmetries}}},
  shorttitle = {Git {{Re-Basin}}},
  author = {Ainsworth, Samuel K. and Hayase, Jonathan and Srinivasa, Siddhartha},
  year = {2022},
  month = sep,
  number = {arXiv:2209.04836},
  eprint = {2209.04836},
  eprinttype = {arxiv},
  primaryclass = {cs},
  publisher = {{arXiv}},
  doi = {10.48550/arXiv.2209.04836},
  archiveprefix = {arXiv},
  keywords = {Computer Science - Artificial Intelligence,Computer Science - Machine Learning}
}

@inproceedings{artetxe_cross-lingual_2020,
  title = {On the {{Cross-lingual Transferability}} of {{Monolingual Representations}}},
  booktitle = {Proceedings of the 58th {{Annual Meeting}} of the {{Association}} for {{Computational Linguistics}}},
  author = {Artetxe, Mikel and Ruder, Sebastian and Yogatama, Dani},
  year = {2020},
  month = jul,
  pages = {4623--4637},
  publisher = {{Association for Computational Linguistics}},
  address = {{Online}},
  doi = {10.18653/v1/2020.acl-main.421}
}

@article{artetxe_massively_2019,
  title = {Massively {{Multilingual Sentence Embeddings}} for {{Zero-Shot Cross-Lingual Transfer}} and {{Beyond}}},
  author = {Artetxe, Mikel and Schwenk, Holger},
  year = {2019},
  journal = {Transactions of the Association for Computational Linguistics},
  volume = {7},
  pages = {597--610},
  publisher = {{MIT Press}},
  address = {{Cambridge, MA}},
  doi = {10.1162/tacl_a_00288},
  keywords = {LASER}
}

@article{bach_promptsource_2022,
  title = {{{PromptSource}}: {{An Integrated Development Environment}} and {{Repository}} for {{Natural Language Prompts}}},
  shorttitle = {{{PromptSource}}},
  author = {Bach, Stephen H. and Sanh, Victor and Yong, Zheng-Xin and Webson, Albert and Raffel, Colin and Nayak, Nihal V. and Sharma, Abheesht and Kim, Taewoon and Bari, M. Saiful and Fevry, Thibault and Alyafeai, Zaid and Dey, Manan and Santilli, Andrea and Sun, Zhiqing and {Ben-David}, Srulik and Xu, Canwen and Chhablani, Gunjan and Wang, Han and Fries, Jason Alan and {Al-shaibani}, Maged S. and Sharma, Shanya and Thakker, Urmish and Almubarak, Khalid and Tang, Xiangru and Radev, Dragomir and Jiang, Mike Tian-Jian and Rush, Alexander M.},
  year = {2022},
  month = mar,
  journal = {arXiv:2202.01279 [cs]},
  eprint = {2202.01279},
  eprinttype = {arxiv},
  primaryclass = {cs},
  archiveprefix = {arXiv},
  keywords = {Computer Science - Computation and Language,Computer Science - Machine Learning,PromptSource paper}
}

@misc{bigscience_workshop_bloom_2022,
  title = {{{BLOOM}}: {{A 176B-Parameter Open-Access Multilingual Language Model}}},
  shorttitle = {{{BLOOM}}},
  author = {{BigScience Workshop}},
  year = {2022},
  month = dec,
  number = {arXiv:2211.05100},
  eprint = {2211.05100},
  eprinttype = {arxiv},
  primaryclass = {cs},
  publisher = {{arXiv}},
  doi = {10.48550/arXiv.2211.05100},
  archiveprefix = {arXiv},
  keywords = {Computer Science - Computation and Language}
}

@article{brown_language_2020,
  ids = {brownLanguageModelsAre2020a},
  title = {Language {{Models}} Are {{Few-Shot Learners}}},
  author = {Brown, Tom B. and Mann, Benjamin and Ryder, Nick and Subbiah, Melanie and Kaplan, Jared and Dhariwal, Prafulla and Neelakantan, Arvind and Shyam, Pranav and Sastry, Girish and Askell, Amanda and Agarwal, Sandhini and {Herbert-Voss}, Ariel and Krueger, Gretchen and Henighan, Tom and Child, Rewon and Ramesh, Aditya and Ziegler, Daniel M. and Wu, Jeffrey and Winter, Clemens and Hesse, Christopher and Chen, Mark and Sigler, Eric and Litwin, Mateusz and Gray, Scott and Chess, Benjamin and Clark, Jack and Berner, Christopher and McCandlish, Sam and Radford, Alec and Sutskever, Ilya and Amodei, Dario},
  year = {2020},
  month = jul,
  journal = {arXiv:2005.14165 [cs]},
  eprint = {2005.14165},
  eprinttype = {arxiv},
  primaryclass = {cs},
  archiveprefix = {arXiv},
  keywords = {Computer Science - Computation and Language,gpt,gpt-3,gpt3,notion}
}

@inproceedings{chi_mt6_2021,
  title = {{{mT6}}: {{Multilingual Pretrained Text-to-Text Transformer}} with {{Translation Pairs}}},
  shorttitle = {{{mT6}}},
  booktitle = {Proceedings of the 2021 {{Conference}} on {{Empirical Methods}} in {{Natural Language Processing}}},
  author = {Chi, Zewen and Dong, Li and Ma, Shuming and Huang, Shaohan and Singhal, Saksham and Mao, Xian-Ling and Huang, Heyan and Song, Xia and Wei, Furu},
  year = {2021},
  month = nov,
  pages = {1671--1683},
  publisher = {{Association for Computational Linguistics}},
  address = {{Online and Punta Cana, Dominican Republic}},
  doi = {10.18653/v1/2021.emnlp-main.125},
  keywords = {mT6,T6 itself doesn't exist}
}

@misc{chung_scaling_2022,
  title = {Scaling {{Instruction-Finetuned Language Models}}},
  author = {Chung, Hyung Won and Hou, Le and Longpre, Shayne and Zoph, Barret and Tay, Yi and Fedus, William and Li, Yunxuan and Wang, Xuezhi and Dehghani, Mostafa and Brahma, Siddhartha and Webson, Albert and Gu, Shixiang Shane and Dai, Zhuyun and Suzgun, Mirac and Chen, Xinyun and Chowdhery, Aakanksha and {Castro-Ros}, Alex and Pellat, Marie and Robinson, Kevin and Valter, Dasha and Narang, Sharan and Mishra, Gaurav and Yu, Adams and Zhao, Vincent and Huang, Yanping and Dai, Andrew and Yu, Hongkun and Petrov, Slav and Chi, Ed H. and Dean, Jeff and Devlin, Jacob and Roberts, Adam and Zhou, Denny and Le, Quoc V. and Wei, Jason},
  year = {2022},
  month = dec,
  number = {arXiv:2210.11416},
  eprint = {2210.11416},
  eprinttype = {arxiv},
  primaryclass = {cs},
  publisher = {{arXiv}},
  doi = {10.48550/arXiv.2210.11416},
  archiveprefix = {arXiv},
  keywords = {Computer Science - Computation and Language,Computer Science - Machine Learning,flan but bigger}
}

@misc{cobbe_training_2021,
  title = {Training {{Verifiers}} to {{Solve Math Word Problems}}},
  author = {Cobbe, Karl and Kosaraju, Vineet and Bavarian, Mohammad and Chen, Mark and Jun, Heewoo and Kaiser, Lukasz and Plappert, Matthias and Tworek, Jerry and Hilton, Jacob and Nakano, Reiichiro and Hesse, Christopher and Schulman, John},
  year = {2021},
  month = nov,
  number = {arXiv:2110.14168},
  eprint = {2110.14168},
  eprinttype = {arxiv},
  primaryclass = {cs},
  publisher = {{arXiv}},
  doi = {10.48550/arXiv.2110.14168},
  archiveprefix = {arXiv},
  keywords = {Computer Science - Computation and Language,Computer Science - Machine Learning}
}

@inproceedings{conneau_cross-lingual_2019,
  title = {Cross-Lingual {{Language Model Pretraining}}},
  booktitle = {Advances in {{Neural Information Processing Systems}}},
  author = {CONNEAU, Alexis and Lample, Guillaume},
  year = {2019},
  volume = {32},
  publisher = {{Curran Associates, Inc.}},
  keywords = {XLM}
}

@article{conneau_unsupervised_2020,
  title = {Unsupervised {{Cross-lingual Representation Learning}} at {{Scale}}},
  author = {Conneau, Alexis and Khandelwal, Kartikay and Goyal, Naman and Chaudhary, Vishrav and Wenzek, Guillaume and Guzm{\'a}n, Francisco and Grave, Edouard and Ott, Myle and Zettlemoyer, Luke and Stoyanov, Veselin},
  year = {2020},
  month = apr,
  journal = {arXiv:1911.02116 [cs]},
  eprint = {1911.02116},
  eprinttype = {arxiv},
  primaryclass = {cs},
  archiveprefix = {arXiv},
  keywords = {Computer Science - Computation and Language,XLM-R}
}

@article{conneau_xnli_2018,
  title = {{{XNLI}}: {{Evaluating Cross-lingual Sentence Representations}}},
  shorttitle = {{{XNLI}}},
  author = {Conneau, Alexis and Lample, Guillaume and Rinott, Ruty and Williams, Adina and Bowman, Samuel R. and Schwenk, Holger and Stoyanov, Veselin},
  year = {2018},
  month = sep,
  journal = {arXiv:1809.05053 [cs]},
  eprint = {1809.05053},
  eprinttype = {arxiv},
  primaryclass = {cs},
  archiveprefix = {arXiv},
  keywords = {Computer Science - Artificial Intelligence,Computer Science - Computation and Language,Computer Science - Machine Learning,xnli}
}

@inproceedings{creswell_selection-inference_2023,
  title = {Selection-{{Inference}}: {{Exploiting Large Language Models}} for {{Interpretable Logical Reasoning}}},
  shorttitle = {Selection-{{Inference}}},
  booktitle = {International {{Conference}} on {{Learning Representations}}},
  author = {Creswell, Antonia and Shanahan, Murray and Higgins, Irina},
  year = {2023},
  month = feb,
  langid = {english}
}

@inproceedings{de_vries_adapting_2021,
  title = {Adapting {{Monolingual Models}}: {{Data}} Can Be {{Scarce}} When {{Language Similarity}} Is {{High}}},
  shorttitle = {Adapting {{Monolingual Models}}},
  booktitle = {Findings of the {{Association}} for {{Computational Linguistics}}: {{ACL-IJCNLP}} 2021},
  author = {{de Vries}, Wietse and Bartelds, Martijn and Nissim, Malvina and Wieling, Martijn},
  year = {2021},
  month = aug,
  pages = {4901--4907},
  publisher = {{Association for Computational Linguistics}},
  address = {{Online}},
  doi = {10.18653/v1/2021.findings-acl.433}
}

@inproceedings{de_vries_as_2021,
  title = {As {{Good}} as {{New}}. {{How}} to {{Successfully Recycle English GPT-2}} to {{Make Models}} for {{Other Languages}}},
  booktitle = {Findings of the {{Association}} for {{Computational Linguistics}}: {{ACL-IJCNLP}} 2021},
  author = {{de Vries}, Wietse and Nissim, Malvina},
  year = {2021},
  month = aug,
  pages = {836--846},
  publisher = {{Association for Computational Linguistics}},
  address = {{Online}},
  doi = {10.18653/v1/2021.findings-acl.74}
}

@inproceedings{devlin_bert_2019,
  title = {{{BERT}}: {{Pre-training}} of {{Deep Bidirectional Transformers}} for {{Language Understanding}}},
  shorttitle = {{{BERT}}},
  booktitle = {Proceedings of the 2019 {{Conference}} of the {{North American Chapter}} of the {{Association}} for {{Computational Linguistics}}: {{Human Language Technologies}}, {{Volume}} 1 ({{Long}} and {{Short Papers}})},
  author = {Devlin, Jacob and Chang, Ming-Wei and Lee, Kenton and Toutanova, Kristina},
  year = {2019},
  month = jun,
  pages = {4171--4186},
  publisher = {{Association for Computational Linguistics}},
  address = {{Minneapolis, Minnesota}},
  doi = {10.18653/v1/N19-1423}
}

@article{doddapaneni_primer_2021,
  title = {A {{Primer}} on {{Pretrained Multilingual Language Models}}},
  author = {Doddapaneni, Sumanth and Ramesh, Gowtham and Khapra, Mitesh M. and Kunchukuttan, Anoop and Kumar, Pratyush},
  year = {2021},
  month = dec,
  journal = {arXiv:2107.00676 [cs]},
  eprint = {2107.00676},
  eprinttype = {arxiv},
  primaryclass = {cs},
  archiveprefix = {arXiv},
  keywords = {Computer Science - Computation and Language}
}

@article{dohan_language_2022,
  title = {Language {{Model Cascades}}},
  author = {Dohan, David and Xu, Winnie and Lewkowycz, Aitor and Austin, Jacob and Bieber, David and Lopes, Raphael Gontijo and Wu, Yuhuai and Michalewski, Henryk and Saurous, Rif A. and {Sohl-dickstein}, Jascha and Murphy, Kevin and Sutton, Charles},
  year = {2022},
  month = jul,
  doi = {10.48550/arXiv.2207.10342},
  langid = {english},
  keywords = {notion,read}
}

@misc{dong_survey_2022,
  title = {A {{Survey}} for {{In-context Learning}}},
  author = {Dong, Qingxiu and Li, Lei and Dai, Damai and Zheng, Ce and Wu, Zhiyong and Chang, Baobao and Sun, Xu and Xu, Jingjing and Li, Lei and Sui, Zhifang},
  year = {2022},
  month = dec,
  number = {arXiv:2301.00234},
  eprint = {2301.00234},
  eprinttype = {arxiv},
  primaryclass = {cs},
  publisher = {{arXiv}},
  doi = {10.48550/arXiv.2301.00234},
  archiveprefix = {arXiv},
  keywords = {Computer Science - Artificial Intelligence,Computer Science - Computation and Language}
}

@inproceedings{edunov_understanding_2018,
  title = {Understanding {{Back-Translation}} at {{Scale}}},
  booktitle = {Proceedings of the 2018 {{Conference}} on {{Empirical Methods}} in {{Natural Language Processing}}},
  author = {Edunov, Sergey and Ott, Myle and Auli, Michael and Grangier, David},
  year = {2018},
  month = oct,
  pages = {489--500},
  publisher = {{Association for Computational Linguistics}},
  address = {{Brussels, Belgium}},
  doi = {10.18653/v1/D18-1045},
  keywords = {also; second best SoTA in EN-FR (WMT2014) (45.6 BLEU),for using backtranslation with LM's}
}

@inproceedings{emelin_wino-x_2021,
  title = {Wino-{{X}}: {{Multilingual Winograd Schemas}} for {{Commonsense Reasoning}} and {{Coreference Resolution}}},
  shorttitle = {Wino-{{X}}},
  booktitle = {Proceedings of the 2021 {{Conference}} on {{Empirical Methods}} in {{Natural Language Processing}}},
  author = {Emelin, Denis and Sennrich, Rico},
  year = {2021},
  month = nov,
  pages = {8517--8532},
  publisher = {{Association for Computational Linguistics}},
  address = {{Online and Punta Cana, Dominican Republic}},
  doi = {10.18653/v1/2021.emnlp-main.670}
}

@misc{falcon_pytorch_2019,
  title = {{{PyTorch Lightning}}},
  author = {Falcon, William and {The PyTorch Lightning team}},
  year = {2019},
  month = mar,
  doi = {10.5281/zenodo.3828935},
  copyright = {Apache-2.0}
}

@misc{fu_polyglot_2022,
  title = {Polyglot {{Prompt}}: {{Multilingual Multitask PrompTraining}}},
  shorttitle = {Polyglot {{Prompt}}},
  author = {Fu, Jinlan and Ng, See-Kiong and Liu, Pengfei},
  year = {2022},
  month = apr,
  number = {arXiv:2204.14264},
  eprint = {2204.14264},
  eprinttype = {arxiv},
  primaryclass = {cs},
  publisher = {{arXiv}},
  doi = {10.48550/arXiv.2204.14264},
  archiveprefix = {arXiv},
  keywords = {Computer Science - Computation and Language,prompt engineering for multilinguality}
}

@inproceedings{gehrmann_gem_2021,
  title = {The {{GEM Benchmark}}: {{Natural Language Generation}}, Its {{Evaluation}} and {{Metrics}}},
  shorttitle = {The {{GEM Benchmark}}},
  booktitle = {Proceedings of the 1st {{Workshop}} on {{Natural Language Generation}}, {{Evaluation}}, and {{Metrics}} ({{GEM}} 2021)},
  author = {Gehrmann, Sebastian and Adewumi, Tosin and Aggarwal, Karmanya and Ammanamanchi, Pawan Sasanka and Aremu, Anuoluwapo and Bosselut, Antoine and Chandu, Khyathi Raghavi and Clinciu, Miruna-Adriana and Das, Dipanjan and Dhole, Kaustubh and Du, Wanyu and Durmus, Esin and Du{\v s}ek, Ond{\v r}ej and Emezue, Chris Chinenye and Gangal, Varun and Garbacea, Cristina and Hashimoto, Tatsunori and Hou, Yufang and Jernite, Yacine and Jhamtani, Harsh and Ji, Yangfeng and Jolly, Shailza and Kale, Mihir and Kumar, Dhruv and Ladhak, Faisal and Madaan, Aman and Maddela, Mounica and Mahajan, Khyati and Mahamood, Saad and Majumder, Bodhisattwa Prasad and Martins, Pedro Henrique and {McMillan-Major}, Angelina and Mille, Simon and {van Miltenburg}, Emiel and Nadeem, Moin and Narayan, Shashi and Nikolaev, Vitaly and Niyongabo Rubungo, Andre and Osei, Salomey and Parikh, Ankur and {Perez-Beltrachini}, Laura and Rao, Niranjan Ramesh and Raunak, Vikas and Rodriguez, Juan Diego and Santhanam, Sashank and Sedoc, Jo{\~a}o and Sellam, Thibault and Shaikh, Samira and Shimorina, Anastasia and Sobrevilla Cabezudo, Marco Antonio and Strobelt, Hendrik and Subramani, Nishant and Xu, Wei and Yang, Diyi and Yerukola, Akhila and Zhou, Jiawei},
  year = {2021},
  month = aug,
  pages = {96--120},
  publisher = {{Association for Computational Linguistics}},
  address = {{Online}},
  doi = {10.18653/v1/2021.gem-1.10}
}

@misc{gehrmann_gemv2_2022,
  title = {{{GEMv2}}: {{Multilingual NLG Benchmarking}} in a {{Single Line}} of {{Code}}},
  shorttitle = {{{GEMv2}}},
  author = {Gehrmann, Sebastian and Bhattacharjee, Abhik and Mahendiran, Abinaya and Wang, Alex and Papangelis, Alexandros and Madaan, Aman and {McMillan-Major}, Angelina and Shvets, Anna and Upadhyay, Ashish and Yao, Bingsheng and Wilie, Bryan and Bhagavatula, Chandra and You, Chaobin and Thomson, Craig and Garbacea, Cristina and Wang, Dakuo and Deutsch, Daniel and Xiong, Deyi and Jin, Di and Gkatzia, Dimitra and Radev, Dragomir and Clark, Elizabeth and Durmus, Esin and Ladhak, Faisal and Ginter, Filip and Winata, Genta Indra and Strobelt, Hendrik and Hayashi, Hiroaki and Novikova, Jekaterina and Kanerva, Jenna and Chim, Jenny and Zhou, Jiawei and Clive, Jordan and Maynez, Joshua and Sedoc, Jo{\~a}o and Juraska, Juraj and Dhole, Kaustubh and Chandu, Khyathi Raghavi and {Perez-Beltrachini}, Laura and Ribeiro, Leonardo F. R. and Tunstall, Lewis and Zhang, Li and Pushkarna, Mahima and Creutz, Mathias and White, Michael and Kale, Mihir Sanjay and Eddine, Moussa Kamal and Daheim, Nico and Subramani, Nishant and Dusek, Ondrej and Liang, Paul Pu and Ammanamanchi, Pawan Sasanka and Zhu, Qi and Puduppully, Ratish and Kriz, Reno and Shahriyar, Rifat and Cardenas, Ronald and Mahamood, Saad and Osei, Salomey and Cahyawijaya, Samuel and {\v S}tajner, Sanja and Montella, Sebastien and Shailza and Jolly, Shailza and Mille, Simon and Hasan, Tahmid and Shen, Tianhao and Adewumi, Tosin and Raunak, Vikas and Raheja, Vipul and Nikolaev, Vitaly and Tsai, Vivian and Jernite, Yacine and Xu, Ying and Sang, Yisi and Liu, Yixin and Hou, Yufang},
  year = {2022},
  month = jun,
  number = {arXiv:2206.11249},
  eprint = {2206.11249},
  eprinttype = {arxiv},
  primaryclass = {cs},
  publisher = {{arXiv}},
  doi = {10.48550/arXiv.2206.11249},
  archiveprefix = {arXiv},
  keywords = {Computer Science - Artificial Intelligence,Computer Science - Computation and Language,Computer Science - Machine Learning}
}

@misc{geiping_cramming_2022,
  title = {Cramming: {{Training}} a {{Language Model}} on a {{Single GPU}} in {{One Day}}},
  shorttitle = {Cramming},
  author = {Geiping, Jonas and Goldstein, Tom},
  year = {2022},
  month = dec,
  number = {arXiv:2212.14034},
  eprint = {2212.14034},
  eprinttype = {arxiv},
  primaryclass = {cs},
  publisher = {{arXiv}},
  doi = {10.48550/arXiv.2212.14034},
  archiveprefix = {arXiv},
  keywords = {Computer Science - Computation and Language,Computer Science - Machine Learning}
}

@inproceedings{gogoulou_cross-lingual_2022,
  title = {Cross-Lingual {{Transfer}} of {{Monolingual Models}}},
  booktitle = {Proceedings of the {{Thirteenth Language Resources}} and {{Evaluation Conference}}},
  author = {Gogoulou, Evangelia and Ekgren, Ariel and Isbister, Tim and Sahlgren, Magnus},
  year = {2022},
  month = jun,
  pages = {948--955},
  publisher = {{European Language Resources Association}},
  address = {{Marseille, France}}
}

@article{gou_knowledge_2021,
  title = {Knowledge {{Distillation}}: {{A Survey}}},
  shorttitle = {Knowledge {{Distillation}}},
  author = {Gou, Jianping and Yu, Baosheng and Maybank, Stephen J. and Tao, Dacheng},
  year = {2021},
  month = jun,
  journal = {International Journal of Computer Vision},
  volume = {129},
  number = {6},
  pages = {1789--1819},
  issn = {0920-5691},
  doi = {10.1007/s11263-021-01453-z},
  keywords = {Deep neural networks,Knowledge distillation,Knowledge transfer,Model compression,Teacher–student architecture}
}

@article{goyal_flores-101_2021,
  title = {The {{FLORES-101 Evaluation Benchmark}} for {{Low-Resource}} and {{Multilingual Machine Translation}}},
  author = {Goyal, Naman and Gao, Cynthia and Chaudhary, Vishrav and Chen, Peng-Jen and Wenzek, Guillaume and Ju, Da and Krishnan, Sanjana and Ranzato, Marc'Aurelio and Guzman, Francisco and Fan, Angela},
  year = {2021},
  month = jun,
  journal = {arXiv:2106.03193 [cs]},
  eprint = {2106.03193},
  eprinttype = {arxiv},
  primaryclass = {cs},
  archiveprefix = {arXiv},
  keywords = {Computer Science - Artificial Intelligence,Computer Science - Computation and Language,NMT benchmark}
}

@inproceedings{gritta_xeroalign_2021,
  title = {{{XeroAlign}}: {{Zero-shot}} Cross-Lingual Transformer Alignment},
  shorttitle = {{{XeroAlign}}},
  booktitle = {Findings of the {{Association}} for {{Computational Linguistics}}: {{ACL-IJCNLP}} 2021},
  author = {Gritta, Milan and Iacobacci, Ignacio},
  year = {2021},
  month = aug,
  pages = {371--381},
  publisher = {{Association for Computational Linguistics}},
  address = {{Online}},
  doi = {10.18653/v1/2021.findings-acl.32}
}

@inproceedings{hardalov_exams_2020,
  title = {{{EXAMS}}: {{A Multi-subject High School Examinations Dataset}} for {{Cross-lingual}} and {{Multilingual Question Answering}}},
  shorttitle = {{{EXAMS}}},
  booktitle = {Proceedings of the 2020 {{Conference}} on {{Empirical Methods}} in {{Natural Language Processing}} ({{EMNLP}})},
  author = {Hardalov, Momchil and Mihaylov, Todor and Zlatkova, Dimitrina and Dinkov, Yoan and Koychev, Ivan and Nakov, Preslav},
  year = {2020},
  month = nov,
  pages = {5427--5444},
  publisher = {{Association for Computational Linguistics}},
  address = {{Online}},
  doi = {10.18653/v1/2020.emnlp-main.438}
}

@article{hinton_distilling_2015,
  title = {Distilling the {{Knowledge}} in a {{Neural Network}}},
  author = {Hinton, Geoffrey and Vinyals, Oriol and Dean, Jeff},
  year = {2015},
  month = mar,
  journal = {arXiv:1503.02531 [cs, stat]},
  eprint = {1503.02531},
  eprinttype = {arxiv},
  primaryclass = {cs, stat},
  archiveprefix = {arXiv},
  keywords = {Computer Science - Machine Learning,Computer Science - Neural and Evolutionary Computing,Statistics - Machine Learning}
}

@misc{hoffmann_training_2022,
  title = {Training {{Compute-Optimal Large Language Models}}},
  author = {Hoffmann, Jordan and Borgeaud, Sebastian and Mensch, Arthur and Buchatskaya, Elena and Cai, Trevor and Rutherford, Eliza and Casas, Diego de Las and Hendricks, Lisa Anne and Welbl, Johannes and Clark, Aidan and Hennigan, Tom and Noland, Eric and Millican, Katie and van den Driessche, George and Damoc, Bogdan and Guy, Aurelia and Osindero, Simon and Simonyan, Karen and Elsen, Erich and Rae, Jack W. and Vinyals, Oriol and Sifre, Laurent},
  year = {2022},
  month = mar,
  number = {arXiv:2203.15556},
  eprint = {2203.15556},
  eprinttype = {arxiv},
  primaryclass = {cs},
  publisher = {{arXiv}},
  doi = {10.48550/arXiv.2203.15556},
  archiveprefix = {arXiv},
  keywords = {chinchilla,Computer Science - Computation and Language,Computer Science - Machine Learning}
}

@article{houlsby_parameter-efficient_2019,
  title = {Parameter-{{Efficient Transfer Learning}} for {{NLP}}},
  author = {Houlsby, Neil and Giurgiu, Andrei and Jastrzebski, Stanislaw and Morrone, Bruna and {de Laroussilhe}, Quentin and Gesmundo, Andrea and Attariyan, Mona and Gelly, Sylvain},
  year = {2019},
  month = jun,
  journal = {arXiv:1902.00751 [cs, stat]},
  eprint = {1902.00751},
  eprinttype = {arxiv},
  primaryclass = {cs, stat},
  archiveprefix = {arXiv},
  keywords = {Computer Science - Computation and Language,Computer Science - Machine Learning,Statistics - Machine Learning}
}

@inproceedings{hu_xtreme_2020,
  title = {{{XTREME}}: {{A Massively Multilingual Multi-task Benchmark}} for {{Evaluating Cross-lingual Generalisation}}},
  shorttitle = {{{XTREME}}},
  booktitle = {Proceedings of the 37th {{International Conference}} on {{Machine Learning}}},
  author = {Hu, Junjie and Ruder, Sebastian and Siddhant, Aditya and Neubig, Graham and Firat, Orhan and Johnson, Melvin},
  year = {2020},
  month = nov,
  pages = {4411--4421},
  publisher = {{PMLR}},
  issn = {2640-3498},
  langid = {english}
}

@misc{izsak_how_2021,
  title = {How to {{Train BERT}} with an {{Academic Budget}}},
  author = {Izsak, Peter and Berchansky, Moshe and Levy, Omer},
  year = {2021},
  month = sep,
  number = {arXiv:2104.07705},
  eprint = {2104.07705},
  eprinttype = {arxiv},
  primaryclass = {cs},
  publisher = {{arXiv}},
  doi = {10.48550/arXiv.2104.07705},
  archiveprefix = {arXiv},
  keywords = {Computer Science - Artificial Intelligence,Computer Science - Computation and Language,Computer Science - Machine Learning}
}

@article{jawanpuria_learning_2019,
  title = {Learning {{Multilingual Word Embeddings}} in {{Latent Metric Space}}: {{A Geometric Approach}}},
  shorttitle = {Learning {{Multilingual Word Embeddings}} in {{Latent Metric Space}}},
  author = {Jawanpuria, Pratik and Balgovind, Arjun and Kunchukuttan, Anoop and Mishra, Bamdev},
  year = {2019},
  journal = {Transactions of the Association for Computational Linguistics},
  volume = {7},
  pages = {107--120},
  publisher = {{MIT Press}},
  address = {{Cambridge, MA}},
  doi = {10.1162/tacl_a_00257}
}

@misc{kaplan_scaling_2020,
  title = {Scaling {{Laws}} for {{Neural Language Models}}},
  author = {Kaplan, Jared and McCandlish, Sam and Henighan, Tom and Brown, Tom B. and Chess, Benjamin and Child, Rewon and Gray, Scott and Radford, Alec and Wu, Jeffrey and Amodei, Dario},
  year = {2020},
  month = jan,
  number = {arXiv:2001.08361},
  eprint = {2001.08361},
  eprinttype = {arxiv},
  primaryclass = {cs, stat},
  publisher = {{arXiv}},
  doi = {10.48550/arXiv.2001.08361},
  archiveprefix = {arXiv},
  keywords = {Computer Science - Machine Learning,Statistics - Machine Learning}
}

@inproceedings{keung_multilingual_2020,
  title = {The {{Multilingual Amazon Reviews Corpus}}},
  booktitle = {Proceedings of the 2020 {{Conference}} on {{Empirical Methods}} in {{Natural Language Processing}} ({{EMNLP}})},
  author = {Keung, Phillip and Lu, Yichao and Szarvas, Gy{\"o}rgy and Smith, Noah A.},
  year = {2020},
  month = nov,
  pages = {4563--4568},
  publisher = {{Association for Computational Linguistics}},
  address = {{Online}},
  doi = {10.18653/v1/2020.emnlp-main.369}
}

@inproceedings{khanuja_mergedistill_2021,
  title = {{{MergeDistill}}: {{Merging Language Models}} Using {{Pre-trained Distillation}}},
  shorttitle = {{{MergeDistill}}},
  booktitle = {Findings of the {{Association}} for {{Computational Linguistics}}: {{ACL-IJCNLP}} 2021},
  author = {Khanuja, Simran and Johnson, Melvin and Talukdar, Partha},
  year = {2021},
  month = aug,
  pages = {2874--2887},
  publisher = {{Association for Computational Linguistics}},
  address = {{Online}},
  doi = {10.18653/v1/2021.findings-acl.254},
  keywords = {student-teacher MergeDistill paper}
}

@misc{khashabi_unifiedqa_2020,
  title = {{{UnifiedQA}}: {{Crossing Format Boundaries With}} a {{Single QA System}}},
  shorttitle = {{{UnifiedQA}}},
  author = {Khashabi, Daniel and Min, Sewon and Khot, Tushar and Sabharwal, Ashish and Tafjord, Oyvind and Clark, Peter and Hajishirzi, Hannaneh},
  year = {2020},
  month = oct,
  number = {arXiv:2005.00700},
  eprint = {2005.00700},
  eprinttype = {arxiv},
  primaryclass = {cs},
  publisher = {{arXiv}},
  doi = {10.48550/arXiv.2005.00700},
  archiveprefix = {arXiv},
  keywords = {Computer Science - Artificial Intelligence,Computer Science - Computation and Language}
}

@misc{khrulkov_disentangled_2021,
  title = {Disentangled {{Representations}} from {{Non-Disentangled Models}}},
  author = {Khrulkov, Valentin and Mirvakhabova, Leyla and Oseledets, Ivan and Babenko, Artem},
  year = {2021},
  month = feb,
  number = {arXiv:2102.06204},
  eprint = {2102.06204},
  eprinttype = {arxiv},
  primaryclass = {cs},
  publisher = {{arXiv}},
  doi = {10.48550/arXiv.2102.06204},
  archiveprefix = {arXiv},
  keywords = {Computer Science - Machine Learning}
}

@inproceedings{kingma_adam_2015,
  title = {Adam: {{A}} Method for Stochastic Optimization},
  booktitle = {3rd International Conference on Learning Representations, {{ICLR}} 2015, San Diego, {{CA}}, {{USA}}, May 7-9, 2015, Conference Track Proceedings},
  author = {Kingma, Diederik P. and Ba, Jimmy},
  editor = {Bengio, Yoshua and LeCun, Yann},
  year = {2015},
  bibsource = {dblp computer science bibliography, https://dblp.org},
  biburl = {https://dblp.org/rec/journals/corr/KingmaB14.bib},
  timestamp = {Thu, 25 Jul 2019 14:25:37 +0200}
}

@inproceedings{kocmi_ship_2021,
  title = {To {{Ship}} or {{Not}} to {{Ship}}: {{An Extensive Evaluation}} of {{Automatic Metrics}} for {{Machine Translation}}},
  shorttitle = {To {{Ship}} or {{Not}} to {{Ship}}},
  booktitle = {Proceedings of the {{Sixth Conference}} on {{Machine Translation}}},
  author = {Kocmi, Tom and Federmann, Christian and Grundkiewicz, Roman and {Junczys-Dowmunt}, Marcin and Matsushita, Hitokazu and Menezes, Arul},
  year = {2021},
  month = nov,
  pages = {478--494},
  publisher = {{Association for Computational Linguistics}},
  address = {{Online}},
  keywords = {overview of evaluation metrics for MT}
}

@misc{komatsuzaki_one_2019,
  title = {One {{Epoch Is All You Need}}},
  author = {Komatsuzaki, Aran},
  year = {2019},
  month = jun,
  number = {arXiv:1906.06669},
  eprint = {1906.06669},
  eprinttype = {arxiv},
  primaryclass = {cs, stat},
  publisher = {{arXiv}},
  doi = {10.48550/arXiv.1906.06669},
  archiveprefix = {arXiv},
  keywords = {Computer Science - Machine Learning,Statistics - Machine Learning}
}

@inproceedings{koppel_translationese_2011,
  title = {Translationese and {{Its Dialects}}},
  booktitle = {Proceedings of the 49th {{Annual Meeting}} of the {{Association}} for {{Computational Linguistics}}: {{Human Language Technologies}}},
  author = {Koppel, Moshe and Ordan, Noam},
  year = {2011},
  month = jun,
  pages = {1318--1326},
  publisher = {{Association for Computational Linguistics}},
  address = {{Portland, Oregon, USA}}
}

@inproceedings{lester_power_2021,
  title = {The {{Power}} of {{Scale}} for {{Parameter-Efficient Prompt Tuning}}},
  booktitle = {Proceedings of the 2021 {{Conference}} on {{Empirical Methods}} in {{Natural Language Processing}}},
  author = {Lester, Brian and {Al-Rfou}, Rami and Constant, Noah},
  year = {2021},
  month = nov,
  pages = {3045--3059},
  publisher = {{Association for Computational Linguistics}},
  address = {{Online and Punta Cana, Dominican Republic}},
  doi = {10.18653/v1/2021.emnlp-main.243},
  keywords = {T5+LM paper}
}

@inproceedings{lhoest_datasets_2021,
  title = {Datasets: {{A Community Library}} for {{Natural Language Processing}}},
  shorttitle = {Datasets},
  booktitle = {Proceedings of the 2021 {{Conference}} on {{Empirical Methods}} in {{Natural Language Processing}}: {{System Demonstrations}}},
  author = {Lhoest, Quentin and {Villanova del Moral}, Albert and Jernite, Yacine and Thakur, Abhishek and {von Platen}, Patrick and Patil, Suraj and Chaumond, Julien and Drame, Mariama and Plu, Julien and Tunstall, Lewis and Davison, Joe and {\v S}a{\v s}ko, Mario and Chhablani, Gunjan and Malik, Bhavitvya and Brandeis, Simon and Le Scao, Teven and Sanh, Victor and Xu, Canwen and Patry, Nicolas and {McMillan-Major}, Angelina and Schmid, Philipp and Gugger, Sylvain and Delangue, Cl{\'e}ment and Matussi{\`e}re, Th{\'e}o and Debut, Lysandre and Bekman, Stas and Cistac, Pierric and Goehringer, Thibault and Mustar, Victor and Lagunas, Fran{\c c}ois and Rush, Alexander and Wolf, Thomas},
  year = {2021},
  month = nov,
  pages = {175--184},
  publisher = {{Association for Computational Linguistics}},
  address = {{Online and Punta Cana, Dominican Republic}},
  doi = {10.18653/v1/2021.emnlp-demo.21}
}

@inproceedings{liang_xglue_2020,
  title = {{{XGLUE}}: {{A New Benchmark Datasetfor Cross-lingual Pre-training}}, {{Understanding}} and {{Generation}}},
  shorttitle = {{{XGLUE}}},
  booktitle = {Proceedings of the 2020 {{Conference}} on {{Empirical Methods}} in {{Natural Language Processing}} ({{EMNLP}})},
  author = {Liang, Yaobo and Duan, Nan and Gong, Yeyun and Wu, Ning and Guo, Fenfei and Qi, Weizhen and Gong, Ming and Shou, Linjun and Jiang, Daxin and Cao, Guihong and Fan, Xiaodong and Zhang, Ruofei and Agrawal, Rahul and Cui, Edward and Wei, Sining and Bharti, Taroon and Qiao, Ying and Chen, Jiun-Hung and Wu, Winnie and Liu, Shuguang and Yang, Fan and Campos, Daniel and Majumder, Rangan and Zhou, Ming},
  year = {2020},
  month = nov,
  pages = {6008--6018},
  publisher = {{Association for Computational Linguistics}},
  address = {{Online}},
  doi = {10.18653/v1/2020.emnlp-main.484}
}

@inproceedings{lin_common_2021,
  title = {Common {{Sense Beyond English}}: {{Evaluating}} and {{Improving Multilingual Language Models}} for {{Commonsense Reasoning}}},
  shorttitle = {Common {{Sense Beyond English}}},
  booktitle = {Proceedings of the 59th {{Annual Meeting}} of the {{Association}} for {{Computational Linguistics}} and the 11th {{International Joint Conference}} on {{Natural Language Processing}} ({{Volume}} 1: {{Long Papers}})},
  author = {Lin, Bill Yuchen and Lee, Seyeon and Qiao, Xiaoyang and Ren, Xiang},
  year = {2021},
  month = aug,
  pages = {1274--1287},
  publisher = {{Association for Computational Linguistics}},
  address = {{Online}},
  doi = {10.18653/v1/2021.acl-long.102}
}

@article{lin_few-shot_2021,
  title = {Few-Shot {{Learning}} with {{Multilingual Language Models}}},
  author = {Lin, Xi Victoria and Mihaylov, Todor and Artetxe, Mikel and Wang, Tianlu and Chen, Shuohui and Simig, Daniel and Ott, Myle and Goyal, Naman and Bhosale, Shruti and Du, Jingfei and Pasunuru, Ramakanth and Shleifer, Sam and Koura, Punit Singh and Chaudhary, Vishrav and O'Horo, Brian and Wang, Jeff and Zettlemoyer, Luke and Kozareva, Zornitsa and Diab, Mona and Stoyanov, Veselin and Li, Xian},
  year = {2021},
  month = dec,
  journal = {arXiv:2112.10668 [cs]},
  eprint = {2112.10668},
  eprinttype = {arxiv},
  primaryclass = {cs},
  archiveprefix = {arXiv},
  keywords = {"PromptSource [...] multi-lingual" -Bach et al.,Computer Science - Artificial Intelligence,Computer Science - Computation and Language,XLGM}
}

@inproceedings{lin_rouge_2004,
  title = {{{ROUGE}}: {{A Package}} for {{Automatic Evaluation}} of {{Summaries}}},
  shorttitle = {{{ROUGE}}},
  booktitle = {Text {{Summarization Branches Out}}},
  author = {Lin, Chin-Yew},
  year = {2004},
  month = jul,
  pages = {74--81},
  publisher = {{Association for Computational Linguistics}},
  address = {{Barcelona, Spain}},
  keywords = {ROUGE-L metric; used by Tk-Instruct}
}

@misc{liu_roberta_2019,
  title = {{{RoBERTa}}: {{A Robustly Optimized BERT Pretraining Approach}}},
  shorttitle = {{{RoBERTa}}},
  author = {Liu, Yinhan and Ott, Myle and Goyal, Naman and Du, Jingfei and Joshi, Mandar and Chen, Danqi and Levy, Omer and Lewis, Mike and Zettlemoyer, Luke and Stoyanov, Veselin},
  year = {2019},
  month = jul,
  number = {arXiv:1907.11692},
  eprint = {1907.11692},
  eprinttype = {arxiv},
  primaryclass = {cs},
  publisher = {{arXiv}},
  doi = {10.48550/arXiv.1907.11692},
  archiveprefix = {arXiv},
  keywords = {Computer Science - Computation and Language}
}

@article{liu_very_2020,
  title = {Very {{Deep Transformers}} for {{Neural Machine Translation}}},
  author = {Liu, Xiaodong and Duh, Kevin and Liu, Liyuan and Gao, Jianfeng},
  year = {2020},
  month = oct,
  journal = {arXiv:2008.07772 [cs]},
  eprint = {2008.07772},
  eprinttype = {arxiv},
  primaryclass = {cs},
  archiveprefix = {arXiv},
  keywords = {Computer Science - Computation and Language,SoTA in en-fr (WMT2014)}
}

@inproceedings{liu_what_2022,
  title = {What {{Makes Good In-Context Examples}} for {{GPT-3}}?},
  booktitle = {Proceedings of {{Deep Learning Inside Out}} ({{DeeLIO}} 2022): {{The}} 3rd {{Workshop}} on {{Knowledge Extraction}} and {{Integration}} for {{Deep Learning Architectures}}},
  author = {Liu, Jiachang and Shen, Dinghan and Zhang, Yizhe and Dolan, Bill and Carin, Lawrence and Chen, Weizhu},
  year = {2022},
  month = may,
  pages = {100--114},
  publisher = {{Association for Computational Linguistics}},
  address = {{Dublin, Ireland and Online}},
  doi = {10.18653/v1/2022.deelio-1.10}
}

@article{lopez-paz_unifying_2016,
  title = {Unifying Distillation and Privileged Information},
  author = {{Lopez-Paz}, David and Bottou, L{\'e}on and Sch{\"o}lkopf, Bernhard and Vapnik, Vladimir},
  year = {2016},
  month = feb,
  journal = {arXiv:1511.03643 [cs, stat]},
  eprint = {1511.03643},
  eprinttype = {arxiv},
  primaryclass = {cs, stat},
  archiveprefix = {arXiv},
  keywords = {Computer Science - Machine Learning,Statistics - Machine Learning}
}

@inproceedings{lu_fantastically_2022,
  title = {Fantastically {{Ordered Prompts}} and {{Where}} to {{Find Them}}: {{Overcoming Few-Shot Prompt Order Sensitivity}}},
  shorttitle = {Fantastically {{Ordered Prompts}} and {{Where}} to {{Find Them}}},
  booktitle = {Proceedings of the 60th {{Annual Meeting}} of the {{Association}} for {{Computational Linguistics}} ({{Volume}} 1: {{Long Papers}})},
  author = {Lu, Yao and Bartolo, Max and Moore, Alastair and Riedel, Sebastian and Stenetorp, Pontus},
  year = {2022},
  month = may,
  pages = {8086--8098},
  publisher = {{Association for Computational Linguistics}},
  address = {{Dublin, Ireland}},
  doi = {10.18653/v1/2022.acl-long.556}
}

@article{ma_deltalm_2021,
  title = {{{DeltaLM}}: {{Encoder-Decoder Pre-training}} for {{Language Generation}} and {{Translation}} by {{Augmenting Pretrained Multilingual Encoders}}},
  shorttitle = {{{DeltaLM}}},
  author = {Ma, Shuming and Dong, Li and Huang, Shaohan and Zhang, Dongdong and Muzio, Alexandre and Singhal, Saksham and Awadalla, Hany Hassan and Song, Xia and Wei, Furu},
  year = {2021},
  month = aug,
  journal = {arXiv:2106.13736 [cs]},
  eprint = {2106.13736},
  eprinttype = {arxiv},
  primaryclass = {cs},
  archiveprefix = {arXiv},
  keywords = {apparently work in progress,Computer Science - Computation and Language,good BLEU scores (FLORES) for French and Dutch}
}

@misc{marchisio_mini-model_2022,
  title = {Mini-{{Model Adaptation}}: {{Efficiently Extending Pretrained Models}} to {{New Languages}} via {{Aligned Shallow Training}}},
  shorttitle = {Mini-{{Model Adaptation}}},
  author = {Marchisio, Kelly and Lewis, Patrick and Chen, Yihong and Artetxe, Mikel},
  year = {2022},
  month = dec,
  number = {arXiv:2212.10503},
  eprint = {2212.10503},
  eprinttype = {arxiv},
  primaryclass = {cs},
  publisher = {{arXiv}},
  doi = {10.48550/arXiv.2212.10503},
  archiveprefix = {arXiv},
  keywords = {Computer Science - Computation and Language,Computer Science - Machine Learning}
}

@inproceedings{martin_camembert_2020,
  title = {{{CamemBERT}}: A {{Tasty French Language Model}}},
  shorttitle = {{{CamemBERT}}},
  booktitle = {Proceedings of the 58th {{Annual Meeting}} of the {{Association}} for {{Computational Linguistics}}},
  author = {Martin, Louis and Muller, Benjamin and Ortiz Su{\'a}rez, Pedro Javier and Dupont, Yoann and Romary, Laurent and {de la Clergerie}, {\'E}ric and Seddah, Djam{\'e} and Sagot, Beno{\^i}t},
  year = {2020},
  month = jul,
  pages = {7203--7219},
  publisher = {{Association for Computational Linguistics}},
  address = {{Online}},
  doi = {10.18653/v1/2020.acl-main.645}
}

@inproceedings{min_metaicl_2022,
  title = {{{MetaICL}}: {{Learning}} to {{Learn In Context}}},
  shorttitle = {{{MetaICL}}},
  booktitle = {Proceedings of the 2022 {{Conference}} of the {{North American Chapter}} of the {{Association}} for {{Computational Linguistics}}: {{Human Language Technologies}}},
  author = {Min, Sewon and Lewis, Mike and Zettlemoyer, Luke and Hajishirzi, Hannaneh},
  year = {2022},
  month = jul,
  pages = {2791--2809},
  publisher = {{Association for Computational Linguistics}},
  address = {{Seattle, United States}},
  doi = {10.18653/v1/2022.naacl-main.201},
  keywords = {"future work in multilingual prompt" -Lin et al.}
}

@inproceedings{min_noisy_2022,
  title = {Noisy {{Channel Language Model Prompting}} for {{Few-Shot Text Classification}}},
  booktitle = {Proceedings of the 60th {{Annual Meeting}} of the {{Association}} for {{Computational Linguistics}} ({{Volume}} 1: {{Long Papers}})},
  author = {Min, Sewon and Lewis, Mike and Hajishirzi, Hannaneh and Zettlemoyer, Luke},
  year = {2022},
  month = may,
  pages = {5316--5330},
  publisher = {{Association for Computational Linguistics}},
  address = {{Dublin, Ireland}},
  doi = {10.18653/v1/2022.acl-long.365}
}

@inproceedings{minixhofer_wechsel_2022,
  title = {{{WECHSEL}}: {{Effective}} Initialization of Subword Embeddings for Cross-Lingual Transfer of Monolingual Language Models},
  shorttitle = {{{WECHSEL}}},
  booktitle = {Proceedings of the 2022 {{Conference}} of the {{North American Chapter}} of the {{Association}} for {{Computational Linguistics}}: {{Human Language Technologies}}},
  author = {Minixhofer, Benjamin and Paischer, Fabian and Rekabsaz, Navid},
  year = {2022},
  month = jul,
  pages = {3992--4006},
  publisher = {{Association for Computational Linguistics}},
  address = {{Seattle, United States}},
  doi = {10.18653/v1/2022.naacl-main.293}
}

@article{mishra_cross-task_2022,
  title = {Cross-{{Task Generalization}} via {{Natural Language Crowdsourcing Instructions}}},
  author = {Mishra, Swaroop and Khashabi, Daniel and Baral, Chitta and Hajishirzi, Hannaneh},
  year = {2022},
  month = mar,
  journal = {arXiv:2104.08773 [cs]},
  eprint = {2104.08773},
  eprinttype = {arxiv},
  primaryclass = {cs},
  archiveprefix = {arXiv},
  keywords = {Computer Science - Artificial Intelligence,Computer Science - Computation and Language,Computer Science - Computer Vision and Pattern Recognition,Computer Science - Machine Learning,Similar to PromptSource; from AllenAI (only english)}
}

@misc{noauthor_big-bench_2022,
  title = {{{BIG-bench}} 🪑},
  year = {2022},
  month = may,
  copyright = {Apache-2.0},
  howpublished = {Google}
}

@misc{noauthor_image_nodate,
  title = {Image {{Processing}}},
  chapter = {content-management},
  howpublished = {https://gohugo.io/content-management/image-processing/},
  langid = {american}
}

@misc{noauthor_whatsapp_nodate,
  title = {{{WhatsApp Web}}},
  howpublished = {https://web.whatsapp.com/},
  langid = {english}
}

@inproceedings{nooralahzadeh_zero-shot_2020,
  title = {Zero-{{Shot Cross-Lingual Transfer}} with {{Meta Learning}}},
  booktitle = {Proceedings of the 2020 {{Conference}} on {{Empirical Methods}} in {{Natural Language Processing}} ({{EMNLP}})},
  author = {Nooralahzadeh, Farhad and Bekoulis, Giannis and Bjerva, Johannes and Augenstein, Isabelle},
  year = {2020},
  month = nov,
  pages = {4547--4562},
  publisher = {{Association for Computational Linguistics}},
  address = {{Online}},
  doi = {10.18653/v1/2020.emnlp-main.368}
}

@misc{nouriborji_minialbert_2022,
  title = {{{MiniALBERT}}: {{Model Distillation}} via {{Parameter-Efficient Recursive Transformers}}},
  shorttitle = {{{MiniALBERT}}},
  author = {Nouriborji, Mohammadmahdi and Rohanian, Omid and Kouchaki, Samaneh and Clifton, David A.},
  year = {2022},
  month = oct,
  number = {arXiv:2210.06425},
  eprint = {2210.06425},
  eprinttype = {arxiv},
  primaryclass = {cs},
  publisher = {{arXiv}},
  doi = {10.48550/arXiv.2210.06425},
  archiveprefix = {arXiv},
  keywords = {68T50,Computer Science - Computation and Language,Computer Science - Machine Learning,I.2.7}
}

@misc{nye_show_2021,
  title = {Show {{Your Work}}: {{Scratchpads}} for {{Intermediate Computation}} with {{Language Models}}},
  shorttitle = {Show {{Your Work}}},
  author = {Nye, Maxwell and Andreassen, Anders Johan and {Gur-Ari}, Guy and Michalewski, Henryk and Austin, Jacob and Bieber, David and Dohan, David and Lewkowycz, Aitor and Bosma, Maarten and Luan, David and Sutton, Charles and Odena, Augustus},
  year = {2021},
  month = nov,
  number = {arXiv:2112.00114},
  eprint = {2112.00114},
  eprinttype = {arxiv},
  primaryclass = {cs},
  publisher = {{arXiv}},
  doi = {10.48550/arXiv.2112.00114},
  archiveprefix = {arXiv},
  keywords = {Computer Science - Machine Learning,Computer Science - Neural and Evolutionary Computing}
}

@inproceedings{ortiz_suarez_monolingual_2020,
  title = {A {{Monolingual Approach}} to {{Contextualized Word Embeddings}} for {{Mid-Resource Languages}}},
  booktitle = {Proceedings of the 58th {{Annual Meeting}} of the {{Association}} for {{Computational Linguistics}}},
  author = {Ortiz Su{\'a}rez, Pedro Javier and Romary, Laurent and Sagot, Beno{\^i}t},
  year = {2020},
  month = jul,
  pages = {1703--1714},
  publisher = {{Association for Computational Linguistics}},
  address = {{Online}},
  doi = {10.18653/v1/2020.acl-main.156},
  keywords = {OSCAR}
}

@misc{ouyang_training_2022,
  title = {Training Language Models to Follow Instructions with Human Feedback},
  author = {Ouyang, Long and Wu, Jeff and Jiang, Xu and Almeida, Diogo and Wainwright, Carroll L. and Mishkin, Pamela and Zhang, Chong and Agarwal, Sandhini and Slama, Katarina and Ray, Alex and Schulman, John and Hilton, Jacob and Kelton, Fraser and Miller, Luke and Simens, Maddie and Askell, Amanda and Welinder, Peter and Christiano, Paul and Leike, Jan and Lowe, Ryan},
  year = {2022},
  month = mar,
  number = {arXiv:2203.02155},
  eprint = {2203.02155},
  eprinttype = {arxiv},
  primaryclass = {cs},
  publisher = {{arXiv}},
  doi = {10.48550/arXiv.2203.02155},
  archiveprefix = {arXiv},
  keywords = {Computer Science - Artificial Intelligence,Computer Science - Computation and Language,Computer Science - Machine Learning,instruct gpt,notion,read,to read}
}

@inproceedings{paperno_lambada_2016,
  title = {The {{LAMBADA}} Dataset: {{Word}} Prediction Requiring a Broad Discourse Context},
  shorttitle = {The {{LAMBADA}} Dataset},
  booktitle = {Proceedings of the 54th {{Annual Meeting}} of the {{Association}} for {{Computational Linguistics}} ({{Volume}} 1: {{Long Papers}})},
  author = {Paperno, Denis and Kruszewski, Germ{\'a}n and Lazaridou, Angeliki and Pham, Ngoc Quan and Bernardi, Raffaella and Pezzelle, Sandro and Baroni, Marco and Boleda, Gemma and Fern{\'a}ndez, Raquel},
  year = {2016},
  month = aug,
  pages = {1525--1534},
  publisher = {{Association for Computational Linguistics}},
  address = {{Berlin, Germany}},
  doi = {10.18653/v1/P16-1144},
  keywords = {LM benchmark}
}

@inproceedings{papineni_bleu_2002,
  title = {Bleu: A {{Method}} for {{Automatic Evaluation}} of {{Machine Translation}}},
  shorttitle = {Bleu},
  booktitle = {Proceedings of the 40th {{Annual Meeting}} of the {{Association}} for {{Computational Linguistics}}},
  author = {Papineni, Kishore and Roukos, Salim and Ward, Todd and Zhu, Wei-Jing},
  year = {2002},
  month = jul,
  pages = {311--318},
  publisher = {{Association for Computational Linguistics}},
  address = {{Philadelphia, Pennsylvania, USA}},
  doi = {10.3115/1073083.1073135},
  keywords = {bleu paper,for evaluating NMT}
}

@inproceedings{pfeiffer_adapterfusion_2021,
  title = {{{AdapterFusion}}: {{Non-Destructive Task Composition}} for {{Transfer Learning}}},
  shorttitle = {{{AdapterFusion}}},
  booktitle = {Proceedings of the 16th {{Conference}} of the {{European Chapter}} of the {{Association}} for {{Computational Linguistics}}: {{Main Volume}}},
  author = {Pfeiffer, Jonas and Kamath, Aishwarya and R{\"u}ckl{\'e}, Andreas and Cho, Kyunghyun and Gurevych, Iryna},
  year = {2021},
  month = apr,
  pages = {487--503},
  publisher = {{Association for Computational Linguistics}},
  address = {{Online}},
  doi = {10.18653/v1/2021.eacl-main.39}
}

@inproceedings{pfeiffer_adapterhub_2020,
  title = {{{AdapterHub}}: {{A Framework}} for {{Adapting Transformers}}},
  shorttitle = {{{AdapterHub}}},
  booktitle = {Proceedings of the 2020 {{Conference}} on {{Empirical Methods}} in {{Natural Language Processing}}: {{System Demonstrations}}},
  author = {Pfeiffer, Jonas and R{\"u}ckl{\'e}, Andreas and Poth, Clifton and Kamath, Aishwarya and Vuli{\'c}, Ivan and Ruder, Sebastian and Cho, Kyunghyun and Gurevych, Iryna},
  year = {2020},
  month = oct,
  pages = {46--54},
  publisher = {{Association for Computational Linguistics}},
  address = {{Online}},
  doi = {10.18653/v1/2020.emnlp-demos.7}
}

@inproceedings{pfeiffer_mad-x_2020,
  title = {{{MAD-X}}: {{An Adapter-Based Framework}} for {{Multi-Task Cross-Lingual Transfer}}},
  shorttitle = {{{MAD-X}}},
  booktitle = {Proceedings of the 2020 {{Conference}} on {{Empirical Methods}} in {{Natural Language Processing}} ({{EMNLP}})},
  author = {Pfeiffer, Jonas and Vuli{\'c}, Ivan and Gurevych, Iryna and Ruder, Sebastian},
  year = {2020},
  month = nov,
  pages = {7654--7673},
  publisher = {{Association for Computational Linguistics}},
  address = {{Online}},
  doi = {10.18653/v1/2020.emnlp-main.617}
}

@inproceedings{ponti_xcopa_2020,
  title = {{{XCOPA}}: {{A Multilingual Dataset}} for {{Causal Commonsense Reasoning}}},
  shorttitle = {{{XCOPA}}},
  booktitle = {Proceedings of the 2020 {{Conference}} on {{Empirical Methods}} in {{Natural Language Processing}} ({{EMNLP}})},
  author = {Ponti, Edoardo Maria and Glava{\v s}, Goran and Majewska, Olga and Liu, Qianchu and Vuli{\'c}, Ivan and Korhonen, Anna},
  year = {2020},
  month = nov,
  pages = {2362--2376},
  publisher = {{Association for Computational Linguistics}},
  address = {{Online}},
  doi = {10.18653/v1/2020.emnlp-main.185},
  keywords = {multilingual commonsense reasoning,xcopa}
}

@article{radford_language_2019,
  title = {Language Models Are Unsupervised Multitask Learners},
  author = {Radford, Alec and Wu, Jeff and Child, Rewon and Luan, David and Amodei, Dario and Sutskever, Ilya},
  year = {2019},
  keywords = {gpt,gpt-2,gpt2}
}

@article{raffel_exploring_2020,
  title = {Exploring the {{Limits}} of {{Transfer Learning}} with a {{Unified Text-to-Text Transformer}}},
  author = {Raffel, Colin and Shazeer, Noam and Roberts, Adam and Lee, Katherine and Narang, Sharan and Matena, Michael and Zhou, Yanqi and Li, Wei and Liu, Peter J.},
  year = {2020},
  journal = {Journal of Machine Learning Research},
  volume = {21},
  number = {140},
  pages = {1--67},
  issn = {1533-7928},
  keywords = {T5}
}

@inproceedings{rajpurkar_squad_2016,
  title = {{{SQuAD}}: 100,000+ {{Questions}} for {{Machine Comprehension}} of {{Text}}},
  shorttitle = {{{SQuAD}}},
  booktitle = {Proceedings of the 2016 {{Conference}} on {{Empirical Methods}} in {{Natural Language Processing}}},
  author = {Rajpurkar, Pranav and Zhang, Jian and Lopyrev, Konstantin and Liang, Percy},
  year = {2016},
  month = nov,
  pages = {2383--2392},
  publisher = {{Association for Computational Linguistics}},
  address = {{Austin, Texas}},
  doi = {10.18653/v1/D16-1264},
  keywords = {Exact Match metric; used in Tk-Instruct}
}

@misc{rao_parameter-efficient_2022,
  title = {Parameter-{{Efficient}} and {{Student-Friendly Knowledge Distillation}}},
  author = {Rao, Jun and Meng, Xv and Ding, Liang and Qi, Shuhan and Tao, Dacheng},
  year = {2022},
  month = may,
  number = {arXiv:2205.15308},
  eprint = {2205.15308},
  eprinttype = {arxiv},
  primaryclass = {cs},
  publisher = {{arXiv}},
  doi = {10.48550/arXiv.2205.15308},
  archiveprefix = {arXiv},
  keywords = {Computer Science - Artificial Intelligence,Computer Science - Computation and Language,Computer Science - Computer Vision and Pattern Recognition,Computer Science - Machine Learning}
}

@inproceedings{rei_comet_2020,
  title = {{{COMET}}: {{A Neural Framework}} for {{MT Evaluation}}},
  shorttitle = {{{COMET}}},
  booktitle = {Proceedings of the 2020 {{Conference}} on {{Empirical Methods}} in {{Natural Language Processing}} ({{EMNLP}})},
  author = {Rei, Ricardo and Stewart, Craig and Farinha, Ana C and Lavie, Alon},
  year = {2020},
  month = nov,
  pages = {2685--2702},
  publisher = {{Association for Computational Linguistics}},
  address = {{Online}},
  doi = {10.18653/v1/2020.emnlp-main.213},
  keywords = {WMT suggested automatic metric; besides BLEU}
}

@misc{roberts_scaling_2022,
  title = {Scaling {{Up Models}} and {{Data}} with \$\textbackslash texttt\{t5x\}\$ and \$\textbackslash texttt\{seqio\}\$},
  author = {Roberts, Adam and Chung, Hyung Won and Levskaya, Anselm and Mishra, Gaurav and Bradbury, James and Andor, Daniel and Narang, Sharan and Lester, Brian and Gaffney, Colin and Mohiuddin, Afroz and Hawthorne, Curtis and Lewkowycz, Aitor and Salcianu, Alex and {van Zee}, Marc and Austin, Jacob and Goodman, Sebastian and Soares, Livio Baldini and Hu, Haitang and Tsvyashchenko, Sasha and Chowdhery, Aakanksha and Bastings, Jasmijn and Bulian, Jannis and Garcia, Xavier and Ni, Jianmo and Chen, Andrew and Kenealy, Kathleen and Clark, Jonathan H. and Lee, Stephan and Garrette, Dan and {Lee-Thorp}, James and Raffel, Colin and Shazeer, Noam and Ritter, Marvin and Bosma, Maarten and Passos, Alexandre and {Maitin-Shepard}, Jeremy and Fiedel, Noah and Omernick, Mark and Saeta, Brennan and Sepassi, Ryan and Spiridonov, Alexander and Newlan, Joshua and Gesmundo, Andrea},
  year = {2022},
  month = mar,
  number = {arXiv:2203.17189},
  eprint = {2203.17189},
  eprinttype = {arxiv},
  primaryclass = {cs},
  publisher = {{arXiv}},
  doi = {10.48550/arXiv.2203.17189},
  archiveprefix = {arXiv},
  keywords = {Computer Science - Computation and Language,Computer Science - Machine Learning}
}

@misc{rogers_qa_2021,
  title = {{{QA Dataset Explosion}}: {{A Taxonomy}} of {{NLP Resources}} for {{Question Answering}} and {{Reading Comprehension}}},
  shorttitle = {{{QA Dataset Explosion}}},
  author = {Rogers, Anna and Gardner, Matt and Augenstein, Isabelle},
  year = {2021},
  month = jul,
  number = {arXiv:2107.12708},
  eprint = {2107.12708},
  eprinttype = {arxiv},
  primaryclass = {cs},
  publisher = {{arXiv}},
  doi = {10.48550/arXiv.2107.12708},
  archiveprefix = {arXiv},
  keywords = {Computer Science - Artificial Intelligence,Computer Science - Computation and Language}
}

@inproceedings{rottger_hatecheck_2021,
  title = {{{HateCheck}}: {{Functional Tests}} for {{Hate Speech Detection Models}}},
  shorttitle = {{{HateCheck}}},
  booktitle = {Proceedings of the 59th {{Annual Meeting}} of the {{Association}} for {{Computational Linguistics}} and the 11th {{International Joint Conference}} on {{Natural Language Processing}} ({{Volume}} 1: {{Long Papers}})},
  author = {R{\"o}ttger, Paul and Vidgen, Bertie and Nguyen, Dong and Waseem, Zeerak and Margetts, Helen and Pierrehumbert, Janet},
  year = {2021},
  month = aug,
  pages = {41--58},
  publisher = {{Association for Computational Linguistics}},
  address = {{Online}},
  doi = {10.18653/v1/2021.acl-long.4}
}

@inproceedings{ruckle_adapterdrop_2021,
  title = {{{AdapterDrop}}: {{On}} the {{Efficiency}} of {{Adapters}} in {{Transformers}}},
  shorttitle = {{{AdapterDrop}}},
  booktitle = {Proceedings of the 2021 {{Conference}} on {{Empirical Methods}} in {{Natural Language Processing}}},
  author = {R{\"u}ckl{\'e}, Andreas and Geigle, Gregor and Glockner, Max and Beck, Tilman and Pfeiffer, Jonas and Reimers, Nils and Gurevych, Iryna},
  year = {2021},
  month = nov,
  pages = {7930--7946},
  publisher = {{Association for Computational Linguistics}},
  address = {{Online and Punta Cana, Dominican Republic}},
  doi = {10.18653/v1/2021.emnlp-main.626}
}

@article{ruder_survey_2019,
  title = {A {{Survey}} of {{Cross-lingual Word Embedding Models}}},
  author = {Ruder, Sebastian and Vuli{\'c}, Ivan and S{\o}gaard, Anders},
  year = {2019},
  month = aug,
  journal = {Journal of Artificial Intelligence Research},
  volume = {65},
  pages = {569--631},
  issn = {1076-9757},
  doi = {10.1613/jair.1.11640},
  copyright = {Copyright (c)},
  langid = {english},
  keywords = {machine learning,machine translation,natural language}
}

@inproceedings{ruder_xtreme-r_2021,
  title = {{{XTREME-R}}: {{Towards More Challenging}} and {{Nuanced Multilingual Evaluation}}},
  shorttitle = {{{XTREME-R}}},
  booktitle = {Proceedings of the 2021 {{Conference}} on {{Empirical Methods}} in {{Natural Language Processing}}},
  author = {Ruder, Sebastian and Constant, Noah and Botha, Jan and Siddhant, Aditya and Firat, Orhan and Fu, Jinlan and Liu, Pengfei and Hu, Junjie and Garrette, Dan and Neubig, Graham and Johnson, Melvin},
  year = {2021},
  month = nov,
  pages = {10215--10245},
  publisher = {{Association for Computational Linguistics}},
  address = {{Online and Punta Cana, Dominican Republic}},
  doi = {10.18653/v1/2021.emnlp-main.802}
}

@article{sanh_multitask_2022,
  title = {Multitask {{Prompted Training Enables Zero-Shot Task Generalization}}},
  author = {Sanh, Victor and Webson, Albert and Raffel, Colin and Bach, Stephen H. and Sutawika, Lintang and Alyafeai, Zaid and Chaffin, Antoine and Stiegler, Arnaud and Scao, Teven Le and Raja, Arun and Dey, Manan and Bari, M. Saiful and Xu, Canwen and Thakker, Urmish and Sharma, Shanya Sharma and Szczechla, Eliza and Kim, Taewoon and Chhablani, Gunjan and Nayak, Nihal and Datta, Debajyoti and Chang, Jonathan and Jiang, Mike Tian-Jian and Wang, Han and Manica, Matteo and Shen, Sheng and Yong, Zheng Xin and Pandey, Harshit and Bawden, Rachel and Wang, Thomas and Neeraj, Trishala and Rozen, Jos and Sharma, Abheesht and Santilli, Andrea and Fevry, Thibault and Fries, Jason Alan and Teehan, Ryan and Bers, Tali and Biderman, Stella and Gao, Leo and Wolf, Thomas and Rush, Alexander M.},
  year = {2022},
  month = mar,
  journal = {arXiv:2110.08207 [cs]},
  eprint = {2110.08207},
  eprinttype = {arxiv},
  primaryclass = {cs},
  archiveprefix = {arXiv},
  keywords = {Computer Science - Computation and Language,Computer Science - Machine Learning,notion,read,T0}
}

@inproceedings{song_mass_2019,
  title = {{{MASS}}: {{Masked Sequence}} to {{Sequence Pre-training}} for {{Language Generation}}},
  shorttitle = {{{MASS}}},
  booktitle = {Proceedings of the 36th {{International Conference}} on {{Machine Learning}}},
  author = {Song, Kaitao and Tan, Xu and Qin, Tao and Lu, Jianfeng and Liu, Tie-Yan},
  year = {2019},
  month = may,
  pages = {5926--5936},
  publisher = {{PMLR}},
  issn = {2640-3498},
  langid = {english},
  keywords = {supposed SoTA in Fr-En (WMT2014)}
}

@inproceedings{sun_black-box_2022,
  title = {Black-{{Box Tuning}} for {{Language-Model-as-a-Service}}},
  booktitle = {Proceedings of the 39th {{International Conference}} on {{Machine Learning}}},
  author = {Sun, Tianxiang and Shao, Yunfan and Qian, Hong and Huang, Xuanjing and Qiu, Xipeng},
  year = {2022},
  month = jun,
  pages = {20841--20855},
  publisher = {{PMLR}},
  issn = {2640-3498},
  langid = {english}
}

@inproceedings{tikhonov_its_2021,
  title = {It's {{All}} in the {{Heads}}: {{Using Attention Heads}} as a {{Baseline}} for {{Cross-Lingual Transfer}} in {{Commonsense Reasoning}}},
  shorttitle = {It's {{All}} in the {{Heads}}},
  booktitle = {Findings of the {{Association}} for {{Computational Linguistics}}: {{ACL-IJCNLP}} 2021},
  author = {Tikhonov, Alexey and Ryabinin, Max},
  year = {2021},
  month = aug,
  pages = {3534--3546},
  publisher = {{Association for Computational Linguistics}},
  address = {{Online}},
  doi = {10.18653/v1/2021.findings-acl.310},
  keywords = {xwinograd}
}

@misc{ustun_hyper-x_2022,
  title = {Hyper-{{X}}: {{A Unified Hypernetwork}} for {{Multi-Task Multilingual Transfer}}},
  shorttitle = {Hyper-{{X}}},
  author = {{\"U}st{\"u}n, Ahmet and Bisazza, Arianna and Bouma, Gosse and {van Noord}, Gertjan and Ruder, Sebastian},
  year = {2022},
  month = may,
  number = {arXiv:2205.12148},
  eprint = {2205.12148},
  eprinttype = {arxiv},
  primaryclass = {cs},
  publisher = {{arXiv}},
  doi = {10.48550/arXiv.2205.12148},
  archiveprefix = {arXiv},
  keywords = {Computer Science - Computation and Language}
}

@article{vaswani_attention_2017,
  ids = {vaswaniAttentionAllYou2017,vaswaniAttentionAllYou2017b},
  title = {Attention {{Is All You Need}}},
  author = {Vaswani, Ashish and Shazeer, Noam and Parmar, Niki and Uszkoreit, Jakob and Jones, Llion and Gomez, Aidan N. and Kaiser, Lukasz and Polosukhin, Illia},
  year = {2017},
  month = dec,
  journal = {arXiv:1706.03762 [cs]},
  eprint = {1706.03762},
  eprinttype = {arxiv},
  primaryclass = {cs},
  archiveprefix = {arXiv},
  keywords = {Computer Science - Computation and Language,Computer Science - Machine Learning,notion}
}

@article{wang_benchmarking_2022,
  title = {Benchmarking {{Generalization}} via {{In-Context Instructions}} on 1,600+ {{Language Tasks}}},
  author = {Wang, Yizhong and Mishra, Swaroop and Alipoormolabashi, Pegah and Kordi, Yeganeh and Mirzaei, Amirreza and Arunkumar, Anjana and Ashok, Arjun and Dhanasekaran, Arut Selvan and Naik, Atharva and Stap, David and Pathak, Eshaan and Karamanolakis, Giannis and Lai, Haizhi Gary and Purohit, Ishan and Mondal, Ishani and Anderson, Jacob and Kuznia, Kirby and Doshi, Krima and Patel, Maitreya and Pal, Kuntal Kumar and Moradshahi, Mehrad and Parmar, Mihir and Purohit, Mirali and Varshney, Neeraj and Kaza, Phani Rohitha and Verma, Pulkit and Puri, Ravsehaj Singh and Karia, Rushang and Sampat, Shailaja Keyur and Doshi, Savan and Mishra, Siddhartha and Reddy, Sujan and Patro, Sumanta and Dixit, Tanay and Shen, Xudong and Baral, Chitta and Choi, Yejin and Smith, Noah A. and Hajishirzi, Hannaneh and Khashabi, Daniel},
  year = {2022},
  month = apr,
  journal = {arXiv:2204.07705 [cs]},
  eprint = {2204.07705},
  eprinttype = {arxiv},
  primaryclass = {cs},
  archiveprefix = {arXiv},
  keywords = {Computer Science - Artificial Intelligence,Computer Science - Computation and Language,Followup to AllenAI paper (has non-english),tk-instruct paper}
}

@inproceedings{wang_self-consistency_2023,
  title = {Self-{{Consistency Improves Chain}} of {{Thought Reasoning}} in {{Language Models}}},
  booktitle = {International {{Conference}} on {{Learning Representations}}},
  author = {Wang, Xuezhi and Wei, Jason and Schuurmans, Dale and Le, Quoc V. and Chi, Ed H. and Narang, Sharan and Chowdhery, Aakanksha and Zhou, Denny},
  year = {2023},
  month = feb,
  langid = {english}
}

@inproceedings{wang_superglue_2019,
  title = {{{SuperGLUE}}: {{A Stickier Benchmark}} for {{General-Purpose Language Understanding Systems}}},
  shorttitle = {{{SuperGLUE}}},
  booktitle = {Advances in {{Neural Information Processing Systems}}},
  author = {Wang, Alex and Pruksachatkun, Yada and Nangia, Nikita and Singh, Amanpreet and Michael, Julian and Hill, Felix and Levy, Omer and Bowman, Samuel},
  year = {2019},
  volume = {32},
  publisher = {{Curran Associates, Inc.}}
}

@inproceedings{wei_chain--thought_2022,
  title = {Chain-of-{{Thought Prompting Elicits Reasoning}} in {{Large Language Models}}},
  booktitle = {Advances in {{Neural Information Processing Systems}}},
  author = {Wei, Jason and Wang, Xuezhi and Schuurmans, Dale and Bosma, Maarten and Ichter, Brian and Xia, Fei and Chi, Ed H. and Le, Quoc V. and Zhou, Denny},
  year = {2022},
  month = oct,
  langid = {english}
}

@inproceedings{wei_finetuned_2021,
  title = {Finetuned {{Language Models}} Are {{Zero-Shot Learners}}},
  booktitle = {International {{Conference}} on {{Learning Representations}}},
  author = {Wei, Jason and Bosma, Maarten and Zhao, Vincent and Guu, Kelvin and Yu, Adams Wei and Lester, Brian and Du, Nan and Dai, Andrew M. and Le, Quoc V.},
  year = {2021},
  month = sep,
  langid = {english},
  keywords = {FLAN; similar to T0 but worse performance}
}

@inproceedings{wolf_transformers_2020,
  title = {Transformers: {{State-of-the-Art Natural Language Processing}}},
  shorttitle = {Transformers},
  booktitle = {Proceedings of the 2020 {{Conference}} on {{Empirical Methods}} in {{Natural Language Processing}}: {{System Demonstrations}}},
  author = {Wolf, Thomas and Debut, Lysandre and Sanh, Victor and Chaumond, Julien and Delangue, Clement and Moi, Anthony and Cistac, Pierric and Rault, Tim and Louf, Remi and Funtowicz, Morgan and Davison, Joe and Shleifer, Sam and {von Platen}, Patrick and Ma, Clara and Jernite, Yacine and Plu, Julien and Xu, Canwen and Le Scao, Teven and Gugger, Sylvain and Drame, Mariama and Lhoest, Quentin and Rush, Alexander},
  year = {2020},
  month = oct,
  pages = {38--45},
  publisher = {{Association for Computational Linguistics}},
  address = {{Online}},
  doi = {10.18653/v1/2020.emnlp-demos.6}
}

@inproceedings{wu_are_2020,
  title = {Are {{All Languages Created Equal}} in {{Multilingual BERT}}?},
  booktitle = {Proceedings of the 5th {{Workshop}} on {{Representation Learning}} for {{NLP}}},
  author = {Wu, Shijie and Dredze, Mark},
  year = {2020},
  month = jul,
  pages = {120--130},
  publisher = {{Association for Computational Linguistics}},
  address = {{Online}},
  doi = {10.18653/v1/2020.repl4nlp-1.16}
}

@misc{wu_self-adaptive_2022,
  title = {Self-Adaptive {{In-context Learning}}},
  author = {Wu, Zhiyong and Wang, Yaoxiang and Ye, Jiacheng and Kong, Lingpeng},
  year = {2022},
  month = dec,
  number = {arXiv:2212.10375},
  eprint = {2212.10375},
  eprinttype = {arxiv},
  primaryclass = {cs},
  publisher = {{arXiv}},
  doi = {10.48550/arXiv.2212.10375},
  archiveprefix = {arXiv},
  keywords = {Computer Science - Artificial Intelligence,Computer Science - Computation and Language}
}

@inproceedings{xue_mt5_2021,
  title = {{{mT5}}: {{A Massively Multilingual Pre-trained Text-to-Text Transformer}}},
  shorttitle = {{{mT5}}},
  booktitle = {Proceedings of the 2021 {{Conference}} of the {{North American Chapter}} of the {{Association}} for {{Computational Linguistics}}: {{Human Language Technologies}}},
  author = {Xue, Linting and Constant, Noah and Roberts, Adam and Kale, Mihir and {Al-Rfou}, Rami and Siddhant, Aditya and Barua, Aditya and Raffel, Colin},
  year = {2021},
  month = jun,
  pages = {483--498},
  publisher = {{Association for Computational Linguistics}},
  address = {{Online}},
  doi = {10.18653/v1/2021.naacl-main.41},
  keywords = {mt5}
}

@inproceedings{yang_paws-x_2019,
  title = {{{PAWS-X}}: {{A Cross-lingual Adversarial Dataset}} for {{Paraphrase Identification}}},
  shorttitle = {{{PAWS-X}}},
  booktitle = {Proceedings of the 2019 {{Conference}} on {{Empirical Methods}} in {{Natural Language Processing}} and the 9th {{International Joint Conference}} on {{Natural Language Processing}} ({{EMNLP-IJCNLP}})},
  author = {Yang, Yinfei and Zhang, Yuan and Tar, Chris and Baldridge, Jason},
  year = {2019},
  month = nov,
  pages = {3687--3692},
  publisher = {{Association for Computational Linguistics}},
  address = {{Hong Kong, China}},
  doi = {10.18653/v1/D19-1382},
  keywords = {paraphrase identification (crosslingual)}
}

@inproceedings{ye_crossfit_2021,
  title = {{{CrossFit}}: {{A Few-shot Learning Challenge}} for {{Cross-task Generalization}} in {{NLP}}},
  shorttitle = {{{CrossFit}}},
  booktitle = {Proceedings of the 2021 {{Conference}} on {{Empirical Methods}} in {{Natural Language Processing}}},
  author = {Ye, Qinyuan and Lin, Bill Yuchen and Ren, Xiang},
  year = {2021},
  month = nov,
  pages = {7163--7189},
  publisher = {{Association for Computational Linguistics}},
  address = {{Online and Punta Cana, Dominican Republic}},
  doi = {10.18653/v1/2021.emnlp-main.572}
}

@inproceedings{zelikman_star_2022,
  title = {{{STaR}}: {{Bootstrapping Reasoning With Reasoning}}},
  shorttitle = {{{STaR}}},
  booktitle = {Advances in {{Neural Information Processing Systems}}},
  author = {Zelikman, Eric and Wu, Yuhuai and Mu, Jesse and Goodman, Noah},
  year = {2022},
  month = oct,
  langid = {english}
}

@misc{zeng_greenplm_2022,
  title = {{{GreenPLM}}: {{Cross-lingual}} Pre-Trained Language Models Conversion with (Almost) No Cost},
  shorttitle = {{{GreenPLM}}},
  author = {Zeng, Qingcheng and Garay, Lucas and Zhou, Peilin and Chong, Dading and Hua, Yining and Wu, Jiageng and Pan, Yikang and Zhou, Han and Yang, Jie},
  year = {2022},
  month = nov,
  number = {arXiv:2211.06993},
  eprint = {2211.06993},
  eprinttype = {arxiv},
  primaryclass = {cs},
  publisher = {{arXiv}},
  doi = {10.48550/arXiv.2211.06993},
  archiveprefix = {arXiv},
  keywords = {Computer Science - Computation and Language}
}

@inproceedings{zhao_calibrate_2021,
  title = {Calibrate {{Before Use}}: {{Improving Few-shot Performance}} of {{Language Models}}},
  shorttitle = {Calibrate {{Before Use}}},
  booktitle = {Proceedings of the 38th {{International Conference}} on {{Machine Learning}}},
  author = {Zhao, Zihao and Wallace, Eric and Feng, Shi and Klein, Dan and Singh, Sameer},
  year = {2021},
  month = jul,
  pages = {12697--12706},
  publisher = {{PMLR}},
  issn = {2640-3498},
  langid = {english}
}

@inproceedings{zhao_discrete_2021,
  title = {Discrete and {{Soft Prompting}} for {{Multilingual Models}}},
  booktitle = {Proceedings of the 2021 {{Conference}} on {{Empirical Methods}} in {{Natural Language Processing}}},
  author = {Zhao, Mengjie and Sch{\"u}tze, Hinrich},
  year = {2021},
  month = nov,
  pages = {8547--8555},
  publisher = {{Association for Computational Linguistics}},
  address = {{Online and Punta Cana, Dominican Republic}},
  doi = {10.18653/v1/2021.emnlp-main.672},
  keywords = {first foray into prompting for multilingual models,overall meh paper}
}
